@misc{telomere,
    author       = "shokai",
    howpublished = "\url{https://scrapbox.io/shokai/テロメア}"
}

@article{dyinglink,
    author  = "塚田浩二, 高林哲 and 増井俊之",
    journal = "情報処理学会論文誌",
    volume  = "43",
    number  = "12",
    pages   = "3718-3721",
    year    = "2002"
}
